@ARTICLE{2000A&AS..143....9W,
       author = {{Wenger}, M. and {Ochsenbein}, F. and {Egret}, D. and {Dubois}, P. and {Bonnarel}, F. and {Borde}, S. and {Genova}, F. and {Jasniewicz}, G. and {Lalo{\"e}}, S. and {Lesteven}, S. and {Monier}, R.},
        title = "{The SIMBAD astronomical database. The CDS reference database for astronomical objects}",
      journal = {\aaps},
     keywords = {ASTRONOMICAL DATA BASES: MISCELLANEOUS, CATALOGS, Astrophysics},
         year = 2000,
        month = apr,
       volume = {143},
        pages = {9-22},
          doi = {10.1051/aas:2000332},
archivePrefix = {arXiv},
       eprint = {astro-ph/0002110},
 primaryClass = {astro-ph},
       adsurl = {https://ui.adsabs.harvard.edu/abs/2000A&AS..143....9W},
      adsnote = {Provided by the SAO/NASA Astrophysics Data System}
}

@misc{https://doi.org/10.17616/r39w29,
  doi = {10.17616/R39W29},
  url = {https://www.re3data.org/repository/r3d100010163},
  author = {{Re3data.Org}},
  keywords = {311 Astrophysics and Astronomy,  32 Physics,  3 Natural Sciences},
  language = {en},
  title = {SIMBAD Astronomical Database},
  publisher = {re3data.org - Registry of Research Data Repositories},
  year = {2012}
}

@misc{https://doi.org/10.25504/fairsharing.rd6gxr,
  doi = {10.25504/FAIRSHARING.RD6GXR},
  url = {https://fairsharing.org/FAIRsharing.rd6gxr},
  author = {{FAIRsharing Team}},
  keywords = {Astrophysics and Astronomy,  Natural Science,  Physics},
  title = {FAIRsharing record for: SIMBAD Astronomical Database},
  publisher = {FAIRsharing},
  year = {2018}
}


@misc{NED1-doi2bib,
  doi = {10.26132/NED1},
  url = {https://catcopy.ipac.caltech.edu/dois/doi.php?id=10.26132/NED1},
  author = {{NASA/IPAC Extragalactic Database (NED)}},
  title = {NASA/IPAC Extragalactic Database (NED)},
  publisher = {IPAC},
  year = {2019}
}

@article{NED1-crosscite,
     title={NASA/IPAC Extragalactic Database (NED)},
     url={https://catcopy.ipac.caltech.edu/dois/doi.php?id=10.26132/NED1},
     DOI={10.26132/NED1},
     abstractNote={NASA/IPAC Extragalactic Database (NED) is a comprehensive database of multiwavelength data for extragalactic objects,
     providing a systematic,
     ongoing fusion of information integrated from hundreds of large sky surveys and hundreds of thousands of research publications. The contents and services span the entire observed spectrum from gamma rays through radio frequencies. As new observations are published,
     they are cross-identified or statistically associated with previous data and integrated into a unified database to simplify queries and retrieval.},
     publisher={IPAC},
     author={NASA/IPAC Extragalactic Database (NED)},
     year={2019} 
     }
     
@INPROCEEDINGS{1991ASSL..171...89H,
       author = {{Helou}, G. and {Madore}, B.~F. and {Schmitz}, M. and {Bicay}, M.~D. and {Wu}, X. and {Bennett}, J.},
        title = "{The NASA/IPAC extragalactic database.}",
     keywords = {Data Bases: Extragalactic Objects, Data Bases: Catalogues},
    booktitle = {Databases and On-line Data in Astronomy},
         year = 1991,
       editor = {{Albrecht}, M.~A. and {Egret}, D.},
       series = {Astrophysics and Space Science Library},
       volume = {171},
        month = jan,
        pages = {89-106},
    publisher = {Springer, Dordrecht},
          doi = {10.1007/978-94-011-3250-3_10},
       adsurl = {https://ui.adsabs.harvard.edu/abs/1991ASSL..171...89H},
      adsnote = {Provided by the SAO/NASA Astrophysics Data System}
}

@misc{NEA12-doi2bib,
  doi = {10.26133/NEA12},
  url = {https://catcopy.ipac.caltech.edu/dois/doi.php?id=10.26133/NEA12},
  author = {{NASA Exoplanet Science Institute}},
  title = {Planetary Systems Table},
  publisher = {IPAC},
  year = {2020}
}

@article{NEA12-crosscite,
     title={Planetary Systems Table},
     url={https://catcopy.ipac.caltech.edu/dois/doi.php?id=10.26133/NEA12},
     DOI={10.26133/NEA12},
     publisher={IPAC},
     author={NASA Exoplanet Science Institute},
     year={2020} 
     }

@ARTICLE{2013PASP..125..989A,
       author = {{Akeson}, R.~L. and {Chen}, X. and {Ciardi}, D. and {Crane}, M. and {Good}, J. and {Harbut}, M. and {Jackson}, E. and {Kane}, S.~R. and {Laity}, A.~C. and {Leifer}, S. and {Lynn}, M. and {McElroy}, D.~L. and {Papin}, M. and {Plavchan}, P. and {Ram{\'\i}rez}, S.~V. and {Rey}, R. and {von Braun}, K. and {Wittman}, M. and {Abajian}, M. and {Ali}, B. and {Beichman}, C. and {Beekley}, A. and {Berriman}, G.~B. and {Berukoff}, S. and {Bryden}, G. and {Chan}, B. and {Groom}, S. and {Lau}, C. and {Payne}, A.~N. and {Regelson}, M. and {Saucedo}, M. and {Schmitz}, M. and {Stauffer}, J. and {Wyatt}, P. and {Zhang}, A.},
        title = "{The NASA Exoplanet Archive: Data and Tools for Exoplanet Research}",
      journal = {\pasp},
     keywords = {Astrophysics - Instrumentation and Methods for Astrophysics, Astrophysics - Earth and Planetary Astrophysics},
         year = 2013,
        month = aug,
       volume = {125},
       number = {930},
        pages = {989},
          doi = {10.1086/672273},
archivePrefix = {arXiv},
       eprint = {1307.2944},
 primaryClass = {astro-ph.IM},
       adsurl = {https://ui.adsabs.harvard.edu/abs/2013PASP..125..989A},
      adsnote = {Provided by the SAO/NASA Astrophysics Data System}
}

@INPROCEEDINGS{2018EPJWC.18612011R,
       author = {{Rots}, Arnold and {D'Abrusco}, Raffaele and {Winkelman}, Sherry},
        title = "{A Model for Using DataCite DOIs in Observatory Bibliographies}",
    booktitle = {European Physical Journal Web of Conferences},
         year = 2018,
       series = {European Physical Journal Web of Conferences},
       volume = {186},
        month = jul,
          eid = {12011},
        pages = {12011},
          doi = {10.1051/epjconf/201818612011},
       adsurl = {https://ui.adsabs.harvard.edu/abs/2018EPJWC.18612011R},
      adsnote = {Provided by the SAO/NASA Astrophysics Data System}
}

@ARTICLE{2018ApJS..236...20N,
       author = {{Novacescu}, Jenny and {Peek}, Joshua E.~G. and {Weissman}, Sarah and {Fleming}, Scott W. and {Levay}, Karen and {Fraser}, Elizabeth},
        title = "{A Model for Data Citation in Astronomical Research Using Digital Object Identifiers (DOIs)}",
      journal = {\apjs},
     keywords = {astronomical databases: miscellaneous, Computer Science - Digital Libraries, Astrophysics - Instrumentation and Methods for Astrophysics},
         year = 2018,
        month = may,
       volume = {236},
       number = {1},
          eid = {20},
        pages = {20},
          doi = {10.3847/1538-4365/aab76a},
archivePrefix = {arXiv},
       eprint = {1801.00004},
 primaryClass = {cs.DL},
       adsurl = {https://ui.adsabs.harvard.edu/abs/2018ApJS..236...20N},
      adsnote = {Provided by the SAO/NASA Astrophysics Data System}
}

@ARTICLE{2018Galax...6..105M,
       author = {{Moreau}, Nicolas and {Zwolf}, Carlo-Maria and {Ba}, Yaye-Awa and {Richard}, Cyril and {Boudon}, Vincent and {Dubernet}, Marie-Lise},
        title = "{The VAMDC Portal as a Major Enabler of Atomic and Molecular Data Citation}",
      journal = {Galaxies},
     keywords = {atom, molecules, database, citation},
         year = 2018,
        month = oct,
       volume = {6},
       number = {4},
          eid = {105},
        pages = {105},
          doi = {10.3390/galaxies6040105},
       adsurl = {https://ui.adsabs.harvard.edu/abs/2018Galax...6..105M},
      adsnote = {Provided by the SAO/NASA Astrophysics Data System}
}

@ARTICLE{2023ChNew..34....5D,
       author = {{D'Abrusco}, Raffaele and {DPAOps Team}},
        title = "{A New Way to Cite Chandra Data}",
      journal = {Chandra News},
         year = 2023,
        month = jan,
       volume = {34},
        pages = {5},
       adsurl = {https://ui.adsabs.harvard.edu/abs/2023ChNew..34....5D},
      adsnote = {Provided by the SAO/NASA Astrophysics Data System}
}


@ARTICLE{2022ApJS..260....5C,
       author = {{Chen}, Tracy X. and {Schmitz}, Marion and {Mazzarella}, Joseph M. and {Wu}, Xiuqin and {van Eyken}, Julian C. and {Accomazzi}, Alberto and {Akeson}, Rachel L. and {Allen}, Mark and {Beaton}, Rachael and {Berriman}, G. Bruce and {Boyle}, Andrew W. and {Brouty}, Marianne and {Chan}, Ben H.~P. and {Christiansen}, Jessie L. and {Ciardi}, David R. and {Cook}, David and {D'Abrusco}, Raffaele and {Ebert}, Rick and {Frayer}, Cren and {Fulton}, Benjamin J. and {Gelino}, Christopher and {Helou}, George and {Henderson}, Calen B. and {Howell}, Justin and {Kim}, Joyce and {Landais}, Gilles and {Lo}, Tak and {Loup}, C{\'e}cile and {Madore}, Barry and {Monari}, Giacomo and {Muench}, August and {Oberto}, Ana{\"\i}s and {Ocvirk}, Pierre and {Peek}, Joshua E.~G. and {Perret}, Emmanuelle and {Pevunova}, Olga and {Ramirez}, Solange V. and {Rebull}, Luisa and {Shemmer}, Ohad and {Smale}, Alan and {Tam}, Raymond and {Terek}, Scott and {Van Orsow}, Doug and {Vannier}, Patricia and {Wang}, Shin-Ywan},
        title = "{Best Practices for Data Publication in the Astronomical Literature}",
      journal = {\apjs},
     keywords = {Astronomy databases, Astronomical reference materials, Astronomical object identification, Astrometry, Astronomical coordinate systems, Photometry, Observatories, Telescopes, 83, 90, 87, 80, 82, 1234, 1147, 1689, Astrophysics - Instrumentation and Methods for Astrophysics},
         year = 2022,
        month = may,
       volume = {260},
       number = {1},
          eid = {5},
        pages = {5},
          doi = {10.3847/1538-4365/ac6268},
archivePrefix = {arXiv},
       eprint = {2106.01477},
 primaryClass = {astro-ph.IM},
       adsurl = {https://ui.adsabs.harvard.edu/abs/2022ApJS..260....5C},
      adsnote = {Provided by the SAO/NASA Astrophysics Data System}
}

